[gd_scene load_steps=16 format=2]

[ext_resource path="res://Editor/CreateTileGrid.gd" type="Script" id=1]
[ext_resource path="res://Tile/tile.tscn" type="PackedScene" id=2]
[ext_resource path="res://Wall/borderwall.tscn" type="PackedScene" id=3]
[ext_resource path="res://weapon_pickup.tscn" type="PackedScene" id=4]
[ext_resource path="res://Player/Player.tscn" type="PackedScene" id=5]
[ext_resource path="res://Camera.gd" type="Script" id=6]
[ext_resource path="res://Key/key.tscn" type="PackedScene" id=7]
[ext_resource path="res://Door/Door..tscn" type="PackedScene" id=8]
[ext_resource path="res://Enemy1/Enemy.tscn" type="PackedScene" id=9]
[ext_resource path="res://Wall/Wall1.tscn" type="PackedScene" id=10]
[ext_resource path="res://Misc/HUD.tscn" type="PackedScene" id=11]
[ext_resource path="res://Misc/Goal.gd" type="Script" id=12]
[ext_resource path="res://Behaviors/Gridable.gd" type="Script" id=13]
[ext_resource path="res://Editor/InitialGrid.gd" type="Script" id=14]

[sub_resource type="BoxShape" id=1]
extents = Vector3( 2.92008, 3.92156, 3.083 )

[node name="Game" type="Node"]

[node name="Grid" type="Node" parent="."]
editor/display_folded = true
script = ExtResource( 1 )
gridSize = Vector2( 5, 5 )

[node name="Floor tile 1" parent="Grid" instance=ExtResource( 2 )]

[node name="Floor tile 2" parent="Grid" instance=ExtResource( 2 )]
transform = Transform( 1.65304, 0, 0, 0, 1, 0, 0, 0, 1.65304, 0, 0, 10 )
tileLoc = Vector2( 0, 1 )

[node name="Floor tile 3" parent="Grid" instance=ExtResource( 2 )]
transform = Transform( 1.65304, 0, 0, 0, 1, 0, 0, 0, 1.65304, 0, 0, 20 )
tileLoc = Vector2( 0, 2 )

[node name="Floor tile 4" parent="Grid" instance=ExtResource( 2 )]
transform = Transform( 1.65304, 0, 0, 0, 1, 0, 0, 0, 1.65304, 0, 0, 30 )
tileLoc = Vector2( 0, 3 )

[node name="Floor tile 5" parent="Grid" instance=ExtResource( 2 )]
transform = Transform( 1.65304, 0, 0, 0, 1, 0, 0, 0, 1.65304, 0, 0, 40 )
tileLoc = Vector2( 0, 4 )

[node name="Floor tile 6" parent="Grid" instance=ExtResource( 2 )]
transform = Transform( 1.65304, 0, 0, 0, 1, 0, 0, 0, 1.65304, 10, 0, 0 )
tileLoc = Vector2( 1, 0 )

[node name="Floor tile 7" parent="Grid" instance=ExtResource( 2 )]
transform = Transform( 1.65304, 0, 0, 0, 1, 0, 0, 0, 1.65304, 10, 0, 10 )
tileLoc = Vector2( 1, 1 )

[node name="Floor tile 8" parent="Grid" instance=ExtResource( 2 )]
transform = Transform( 1.65304, 0, 0, 0, 1, 0, 0, 0, 1.65304, 10, 0, 20 )
tileLoc = Vector2( 1, 2 )

[node name="Floor tile 9" parent="Grid" instance=ExtResource( 2 )]
transform = Transform( 1.65304, 0, 0, 0, 1, 0, 0, 0, 1.65304, 10, 0, 30 )
tileLoc = Vector2( 1, 3 )

[node name="Floor tile 10" parent="Grid" instance=ExtResource( 2 )]
transform = Transform( 1.65304, 0, 0, 0, 1, 0, 0, 0, 1.65304, 10, 0, 40 )
tileLoc = Vector2( 1, 4 )

[node name="Floor tile 11" parent="Grid" instance=ExtResource( 2 )]
transform = Transform( 1.65304, 0, 0, 0, 1, 0, 0, 0, 1.65304, 20, 0, 0 )
tileLoc = Vector2( 2, 0 )

[node name="Floor tile 12" parent="Grid" instance=ExtResource( 2 )]
transform = Transform( 1.65304, 0, 0, 0, 1, 0, 0, 0, 1.65304, 20, 0, 10 )
tileLoc = Vector2( 2, 1 )

[node name="Floor tile 13" parent="Grid" instance=ExtResource( 2 )]
transform = Transform( 1.65304, 0, 0, 0, 1, 0, 0, 0, 1.65304, 20, 0, 20 )
tileLoc = Vector2( 2, 2 )

[node name="Floor tile 14" parent="Grid" instance=ExtResource( 2 )]
transform = Transform( 1.65304, 0, 0, 0, 1, 0, 0, 0, 1.65304, 20, 0, 30 )
tileLoc = Vector2( 2, 3 )

[node name="Floor tile 15" parent="Grid" instance=ExtResource( 2 )]
transform = Transform( 1.65304, 0, 0, 0, 1, 0, 0, 0, 1.65304, 20, 0, 40 )
tileLoc = Vector2( 2, 4 )

[node name="Floor tile 16" parent="Grid" instance=ExtResource( 2 )]
transform = Transform( 1.65304, 0, 0, 0, 1, 0, 0, 0, 1.65304, 30, 0, 0 )
tileLoc = Vector2( 3, 0 )

[node name="Floor tile 17" parent="Grid" instance=ExtResource( 2 )]
transform = Transform( 1.65304, 0, 0, 0, 1, 0, 0, 0, 1.65304, 30, 0, 10 )
tileLoc = Vector2( 3, 1 )

[node name="Floor tile 18" parent="Grid" instance=ExtResource( 2 )]
transform = Transform( 1.65304, 0, 0, 0, 1, 0, 0, 0, 1.65304, 30, 0, 20 )
tileLoc = Vector2( 3, 2 )

[node name="Floor tile 19" parent="Grid" instance=ExtResource( 2 )]
transform = Transform( 1.65304, 0, 0, 0, 1, 0, 0, 0, 1.65304, 30, 0, 30 )
tileLoc = Vector2( 3, 3 )

[node name="Floor tile 20" parent="Grid" instance=ExtResource( 2 )]
transform = Transform( 1.65304, 0, 0, 0, 1, 0, 0, 0, 1.65304, 30, 0, 40 )
tileLoc = Vector2( 3, 4 )

[node name="Floor tile 21" parent="Grid" instance=ExtResource( 2 )]
transform = Transform( 1.65304, 0, 0, 0, 1, 0, 0, 0, 1.65304, 40, 0, 0 )
tileLoc = Vector2( 4, 0 )

[node name="Floor tile 22" parent="Grid" instance=ExtResource( 2 )]
transform = Transform( 1.65304, 0, 0, 0, 1, 0, 0, 0, 1.65304, 40, 0, 10 )
tileLoc = Vector2( 4, 1 )

[node name="Floor tile 23" parent="Grid" instance=ExtResource( 2 )]
transform = Transform( 1.65304, 0, 0, 0, 1, 0, 0, 0, 1.65304, 40, 0, 20 )
tileLoc = Vector2( 4, 2 )

[node name="Floor tile 24" parent="Grid" instance=ExtResource( 2 )]
transform = Transform( 1.65304, 0, 0, 0, 1, 0, 0, 0, 1.65304, 40, 0, 30 )
tileLoc = Vector2( 4, 3 )

[node name="Floor tile 25" parent="Grid" instance=ExtResource( 2 )]
transform = Transform( 1.65304, 0, 0, 0, 1, 0, 0, 0, 1.65304, 40, 0, 40 )
tileLoc = Vector2( 4, 4 )

[node name="borderwalls" type="Node" parent="."]
editor/display_folded = true

[node name="Wall1" parent="borderwalls" instance=ExtResource( 3 )]
transform = Transform( -7.8465e-008, 0, 1.79507, 0, 1.79507, 0, -1.79507, 0, -7.8465e-008, -5, 0, 0 )

[node name="Wall2" parent="borderwalls" instance=ExtResource( 3 )]
transform = Transform( 1.79507, 0, 0, 0, 1.79507, 0, 0, 0, 1.79507, 0, 0, -5 )
orientation = true

[node name="Wall3" parent="borderwalls" instance=ExtResource( 3 )]
transform = Transform( -7.8465e-008, 0, 1.79507, 0, 1.79507, 0, -1.79507, 0, -7.8465e-008, -5, 0, 10 )

[node name="Wall4" parent="borderwalls" instance=ExtResource( 3 )]
transform = Transform( -7.8465e-008, 0, 1.79507, 0, 1.79507, 0, -1.79507, 0, -7.8465e-008, -5, 0, 20 )

[node name="Wall5" parent="borderwalls" instance=ExtResource( 3 )]
transform = Transform( -7.8465e-008, 0, 1.79507, 0, 1.79507, 0, -1.79507, 0, -7.8465e-008, -5, 0, 30 )

[node name="Wall6" parent="borderwalls" instance=ExtResource( 3 )]
transform = Transform( 1.79507, 0, 0, 0, 1.79507, 0, 0, 0, 1.79507, 0, 0, 45 )
orientation = true

[node name="Wall7" parent="borderwalls" instance=ExtResource( 3 )]
transform = Transform( -7.8465e-008, 0, 1.79507, 0, 1.79507, 0, -1.79507, 0, -7.8465e-008, -5, 0, 40 )

[node name="Wall8" parent="borderwalls" instance=ExtResource( 3 )]
transform = Transform( 1.79507, 0, 0, 0, 1.79507, 0, 0, 0, 1.79507, 10, 0, -5 )
orientation = true

[node name="Wall9" parent="borderwalls" instance=ExtResource( 3 )]
transform = Transform( 1.79507, 0, 0, 0, 1.79507, 0, 0, 0, 1.79507, 10, 0, 45 )
orientation = true

[node name="Wall10" parent="borderwalls" instance=ExtResource( 3 )]
transform = Transform( 1.79507, 0, 0, 0, 1.79507, 0, 0, 0, 1.79507, 20, 0, -5 )
orientation = true

[node name="Wall11" parent="borderwalls" instance=ExtResource( 3 )]
transform = Transform( 1.79507, 0, 0, 0, 1.79507, 0, 0, 0, 1.79507, 20, 0, 45 )
orientation = true

[node name="Wall12" parent="borderwalls" instance=ExtResource( 3 )]
transform = Transform( 1.79507, 0, 0, 0, 1.79507, 0, 0, 0, 1.79507, 30, 0, -5 )
orientation = true

[node name="Wall13" parent="borderwalls" instance=ExtResource( 3 )]
transform = Transform( 1.79507, 0, 0, 0, 1.79507, 0, 0, 0, 1.79507, 30, 0, 45 )
orientation = true

[node name="Wall14" parent="borderwalls" instance=ExtResource( 3 )]
transform = Transform( -7.8465e-008, 0, 1.79507, 0, 1.79507, 0, -1.79507, 0, -7.8465e-008, 45, 0, 0 )

[node name="Wall15" parent="borderwalls" instance=ExtResource( 3 )]
transform = Transform( 1.79507, 0, 0, 0, 1.79507, 0, 0, 0, 1.79507, 40, 0, -5 )
orientation = true

[node name="Wall16" parent="borderwalls" instance=ExtResource( 3 )]
transform = Transform( -7.8465e-008, 0, 1.79507, 0, 1.79507, 0, -1.79507, 0, -7.8465e-008, 45, 0, 10 )

[node name="Wall17" parent="borderwalls" instance=ExtResource( 3 )]
transform = Transform( -7.8465e-008, 0, 1.79507, 0, 1.79507, 0, -1.79507, 0, -7.8465e-008, 45, 0, 20 )

[node name="Wall18" parent="borderwalls" instance=ExtResource( 3 )]
transform = Transform( -7.8465e-008, 0, 1.79507, 0, 1.79507, 0, -1.79507, 0, -7.8465e-008, 45, 0, 30 )

[node name="Wall19" parent="borderwalls" instance=ExtResource( 3 )]
transform = Transform( -7.8465e-008, 0, 1.79507, 0, 1.79507, 0, -1.79507, 0, -7.8465e-008, 45, 0, 40 )

[node name="Wall20" parent="borderwalls" instance=ExtResource( 3 )]
transform = Transform( 1.79507, 0, 0, 0, 1.79507, 0, 0, 0, 1.79507, 40, 0, 45 )
orientation = true

[node name="weapon_pickup" parent="." instance=ExtResource( 4 )]
transform = Transform( 0.997048, 0, -0.0767832, 0, 1, 0, 0.0767832, 0, 0.997048, 9.95254, -1.90735e-006, 19.8351 )
onTile = Vector2( 1, 2 )

[node name="Player" parent="." instance=ExtResource( 5 )]

[node name="Camera" type="Camera" parent="."]
transform = Transform( -0.999911, 0.0105857, -0.00815207, 0, 0.610145, 0.792289, 0.0133609, 0.792219, -0.610091, -0.3045, 23.2935, -9.2716 )
script = ExtResource( 6 )

[node name="key" parent="." instance=ExtResource( 7 )]
editor/display_folded = true
transform = Transform( 1, 0, 0, 0, 1, 0, 0, 0, 1, 19.6874, 2.46548, 19.0789 )
onTile = Vector2( 2, 2 )

[node name="Wall41_Door" parent="." instance=ExtResource( 8 )]
onTile = Vector2( 0, 3 )
orientation = true

[node name="Enemy_Ghost2" parent="." instance=ExtResource( 9 )]
onTile = Vector2( 3, 2 )
health = 10

[node name="Wall1" parent="." instance=ExtResource( 10 )]

[node name="HUD" parent="." instance=ExtResource( 11 )]

[node name="Goal" type="Spatial" parent="."]
editor/display_folded = true
transform = Transform( 1, 0, 0, 0, 1, 0, 0, 0, 1, -0.545654, 0, 39.8187 )
script = ExtResource( 12 )
onTile = Vector2( 0, 4 )

[node name="Gridable" type="Node" parent="Goal"]
script = ExtResource( 13 )

[node name="InitalGrid" type="Node" parent="Goal"]
script = ExtResource( 14 )

[node name="area2" type="Area" parent="Goal"]
editor/display_folded = true
transform = Transform( 0.0194218, 0, -1.53175, 0, 1.53188, 0, 1.53175, 0, 0.0194218, 0, 0, 0 )

[node name="CollisionShape" type="CollisionShape" parent="Goal/area2"]
transform = Transform( 1, 0, 1.86265e-009, 0, 1, 0, -1.86265e-009, 0, 1, 0, 3.72778, 0 )
shape = SubResource( 1 )
