[gd_scene load_steps=6 format=2]

[ext_resource path="res://Misc/RetryScreen.gd" type="Script" id=1]
[ext_resource path="res://Menu/fonts/menu_button_font.tres" type="DynamicFont" id=2]

[sub_resource type="DynamicFontData" id=1]
font_path = "res://Menu/fonts/CfOneTwoTreesRegular-4LGp.ttf"

[sub_resource type="DynamicFont" id=2]
size = 200
font_data = SubResource( 1 )

[sub_resource type="Animation" id=3]
resource_name = "fade_in"
step = 0.5
tracks/0/type = "value"
tracks/0/path = NodePath(".:visible")
tracks/0/interp = 1
tracks/0/loop_wrap = true
tracks/0/imported = false
tracks/0/enabled = true
tracks/0/keys = {
"times": PoolRealArray( 0, 1 ),
"transitions": PoolRealArray( 1, 1 ),
"update": 1,
"values": [ true, true ]
}
tracks/1/type = "value"
tracks/1/path = NodePath(".:modulate")
tracks/1/interp = 1
tracks/1/loop_wrap = true
tracks/1/imported = false
tracks/1/enabled = true
tracks/1/keys = {
"times": PoolRealArray( 0, 1 ),
"transitions": PoolRealArray( 1, 1 ),
"update": 0,
"values": [ Color( 1, 1, 1, 0 ), Color( 1, 1, 1, 1 ) ]
}

[node name="RetryScreen" type="Control"]
anchor_right = 1.0
anchor_bottom = 1.0
script = ExtResource( 1 )

[node name="ColorRect" type="ColorRect" parent="."]
anchor_right = 1.0
anchor_bottom = 1.0
margin_left = -43.0
margin_top = -35.0
margin_right = 43.0
margin_bottom = 31.0
color = Color( 0.0666667, 0.0666667, 0.0666667, 1 )

[node name="MarginContainer" type="MarginContainer" parent="."]
anchor_right = 1.0
anchor_bottom = 1.0
margin_left = 58.0
margin_top = 46.0
margin_right = -58.0
margin_bottom = 4.0

[node name="VBoxContainer" type="VBoxContainer" parent="MarginContainer"]
margin_right = 1164.0
margin_bottom = 678.0
alignment = 1

[node name="Label" type="Label" parent="MarginContainer/VBoxContainer"]
margin_top = 196.0
margin_right = 1164.0
margin_bottom = 397.0
custom_fonts/font = SubResource( 2 )
custom_colors/font_color = Color( 0.67451, 0, 0, 1 )
text = "YOU DIED"
align = 1

[node name="HBoxContainer" type="HBoxContainer" parent="MarginContainer/VBoxContainer"]
margin_top = 401.0
margin_right = 1164.0
margin_bottom = 481.0

[node name="Button" type="Button" parent="MarginContainer/VBoxContainer/HBoxContainer"]
margin_right = 1164.0
margin_bottom = 80.0
size_flags_horizontal = 3
custom_fonts/font = ExtResource( 2 )
custom_colors/font_color = Color( 0.682353, 0.682353, 0.682353, 1 )
custom_colors/font_color_hover = Color( 0.541176, 0, 0, 1 )
text = "Retry"
flat = true

[node name="AnimationPlayer" type="AnimationPlayer" parent="."]
anims/fade_in = SubResource( 3 )
[connection signal="pressed" from="MarginContainer/VBoxContainer/HBoxContainer/Button" to="." method="_retry_pressed"]
